<?xml version="1.0" encoding="UTF-8"?><collection xmlns="http://www.loc.gov/MARC21/slim"><record><leader>00490nam--2200193-i-4500</leader><controlfield tag="001">000028311</controlfield><controlfield tag="002">20161230</controlfield><controlfield tag="005">20161230201037</controlfield><controlfield tag="008">060222s1000------------r-----000-0-fre-d</controlfield><datafield ind1=" " ind2=" " tag="040"><subfield code="a">IFIN-HH</subfield></datafield><datafield ind1=" " ind2=" " tag="041"><subfield code="a">fre</subfield></datafield><datafield ind1=" " ind2=" " tag="080"><subfield code="a">539.1.01</subfield></datafield><datafield ind1="1" ind2=" " tag="100"><subfield code="a">Lopes, J.Leite</subfield></datafield><datafield ind1="1" ind2="0" tag="245"><subfield code="a">Fondements de la physique atomique</subfield><subfield code="c">J.leite lopes</subfield></datafield><datafield ind1=" " ind2=" " tag="260"><subfield code="a">Paris</subfield><subfield code="b">Herman</subfield><subfield code="c">1967</subfield></datafield><datafield ind1=" " ind2=" " tag="300"><subfield code="a">363P</subfield></datafield><datafield ind1=" " ind2=" " tag="490"><subfield code="a">Collection Enseignement Des Sciences</subfield></datafield><datafield ind1=" " ind2=" " tag="852"><subfield code="a">27843</subfield><subfield code="c">539</subfield></datafield><datafield ind1=" " ind2=" " tag="CAT"><subfield code="a">Sys</subfield><subfield code="c">20111004</subfield><subfield code="h">163041</subfield></datafield></record></collection>